
@Misc{Ref1,
  author = {Ponzo, Michela  and Scoppa, Vincenzo },
  title  = {The Good, the Bad, and the Ugly:
Teaching Evaluations, Beauty and Abilities},
  year   = {2012},
  url    = {https://ideas.repec.org/p/clb/wpaper/201204.html},
}


@Article{Ref2,
  Author         = {SÃ¼ssmuth, Bernd} ,
  Title          = {Beauty in the classroom: Are German students less blinded? Putative pedagogical productivity due to professors' pulchritude: Peculiar or pervasive?},
  Journal        = {Applied Economics},
  Volume         = {38},
  Pages          = {231-238},
  year           = 2006
}



